<?xml version="1.0" encoding="UTF-8"?><collection xmlns="http://www.loc.gov/MARC21/slim"><record><leader>00408nam--2200169-i-4500</leader><controlfield tag="001">000050232</controlfield><controlfield tag="002">20161230</controlfield><controlfield tag="005">20170204191303</controlfield><controlfield tag="008">060222s1000------------r-----000-0-eng-d</controlfield><datafield ind1=" " ind2=" " tag="080"><subfield code="a">621.38.049.7:621.382:621.396</subfield></datafield><datafield ind1=" " ind2=" " tag="100"><subfield code="a">Barkanov, N. A</subfield></datafield><datafield ind1=" " ind2=" " tag="245"><subfield code="a">Mikromoduli</subfield></datafield><datafield ind1=" " ind2=" " tag="260"><subfield code="a">Moskva</subfield><subfield code="b">Sovetskoe Radio</subfield><subfield code="c">1971</subfield></datafield><datafield ind1=" " ind2=" " tag="300"><subfield code="a">39s</subfield></datafield><datafield ind1=" " ind2=" " tag="700"><subfield code="a">Jpopov, V. N</subfield></datafield><datafield ind1=" " ind2=" " tag="852"><subfield code="a">36701</subfield></datafield><datafield ind1=" " ind2=" " tag="CAT"><subfield code="a">SYS</subfield><subfield code="c">20170204</subfield><subfield code="h">191303</subfield></datafield></record></collection>